
@book {Miller2009,
    author = {U. Y. Miller and Y. Borel},
     title = {Convex Algebra},
     publisher = {Cambridge University Press},
      year = {2009},
     pages = {6801}}

@book {Brown2003,
    author = {C. Brown },
     title = {A First Course in Integral Analysis},
     publisher = {Prentice Hall},
      year = {2003},
     pages = {997}}

 @article{White1994,
  author = {D. White and Z. Thomas and B. Raman},
  title = {Measurability in Algebraic Algebra},
  journal = {{J}ournal of Integral Model Theory},
  month = sep,
  year = 1994,
  volume = 32,
  pages = {55--61}}

 @article{Miller2002,
  author = {Q. Miller },
  title = {Integrable, Contra-Partially {M}arkov Factors for a Sub-Multiply Ultra-{M}ilnor, Composite, Completely Sub-Integral System},
  journal = {{L}ithuanian {J}ournal of Non-Commutative Dynamics},
  month = apr,
  year = 2002,
  volume = 37,
  pages = {153--191}}

 @article{Lee1997,
  author = {T. Lee and C. Martin},
  title = {Groups and Singular Combinatorics},
  journal = {{J}ournal of Global Arithmetic},
  month = dec,
  year = 1997,
  volume = 0,
  pages = {1--50}}

@book {Kobayashi1994,
    author = {E. G. Kobayashi },
     title = {Elliptic {K}-Theory},
     publisher = {De Gruyter},
      year = {1994},
     pages = {56}}

@book {Moore2011,
    author = {T. Moore },
     title = {Dynamics with Applications to Non-Linear Analysis},
     publisher = {Cambridge University Press},
      year = {2011},
     pages = {15}}

 @article{Zhou2007,
  author = {I. Zhou and A. Gupta},
  title = {Some Uniqueness Results for Additive, Countably Composite Random Variables},
  journal = {{S}lovenian {J}ournal of Higher Microlocal Algebra},
  month = aug,
  year = 2007,
  volume = 46,
  pages = {1--85}}

 @article{Lee1999,
  author = {X. Lee and A. Lastname},
  title = {Smoothly Connected Reducibility for Separable Lines},
  journal = {{B}elarusian {M}athematical {A}rchives},
  month = may,
  year = 1999,
  volume = 51,
  pages = {1401--1442}}


 @article{Garcia1998,
  author = {K. Garcia },
  title = {Functions over Local Homeomorphisms},
  journal = {{O}ceanian {J}ournal of Classical Potential Theory},
  month = mar,
  year = 1998,
  volume = 2,
  pages = {84--107}}


 @article{Zhao1986,
  author = {I. Zhao },
  title = {On {K}lein's Conjecture},
  journal = {{I}ranian {J}ournal of Local Category Theory},
  month = sep,
  year = 1986,
  volume = 30,
  pages = {1--18}}

@book {Sargeant1972,
    author = {O. Sargeant},
     title = {The Economy of Reality: Socialist realism in the works of Cage},
     publisher = {And/Or Press},
      year = {1972}}

@book {Tilton1975,
    author = {Z. W. Q. Tilton},
     title = {Sontagist camp and socialist realism},
     publisher = {University of Georgia Press},
      year = {1975}}

@book {Cameron1975,
    author = {N. I. Cameron},
     title = {Reading Bataille: Socialist realism in the works of Spelling},
     publisher = {Schlangekraft},
      year = {1975}}

@book {Reicher1991,
    author = {Q. Reicher},
     title = {Socialist realism and Sontagist camp},
     publisher = {University of Southern North Dakota at Hoople Press},
      year = {1991}}

@book {Prinn1975,
    author = {N. F. Prinn},
     title = {Reinventing Surrealism: Socialist realism in the works of Stone},
     publisher = {Yale University Press},
      year = {1975}}

@book {McElwaine1980,
    author = {W. McElwaine},
     title = {Socialist realism, postcultural situationism and Marxism},
     publisher = {Loompanics},
      year = {1980}}

@book {Ludwig1972,
    author = {D. E. F. Ludwig},
     title = {The Circular Sea: Sontagist camp and socialist realism},
     publisher = {University of Illinois Press},
      year = {1972}}

@book {Brophy1998,
    author = {R. Q. Brophy},
     title = {Socialist realism in the works of Eco},
     publisher = {Harvard University Press},
      year = {1998}}

@book {Buxton1984,
    author = {R. H. Y. Buxton},
     title = {The Discourse of Meaninglessness: Socialist realism and Sontagist camp},
     publisher = {University of Oregon Press},
      year = {1984}}

@book {Dietrich1999,
    author = {O. D. Dietrich},
     title = {Socialist realism in the works of Burroughs},
     publisher = {And/Or Press},
      year = {1999}}

@article{Mensh2017,
author = {Mensh, Brett and Kording, Konrad},
doi = {10.1101/088278},
file = {:Users/lcreteig/Documents/Mendeley Desktop/Mensh, Kording{\_}2017{\_}PLoS Computational Biology.pdf:pdf},
isbn = {1111111111},
journal = {PLoS Computational Biology},
mendeley-groups = {Methods},
number = {9},
pages = {e1005619},
title = {{Ten simple rules for structuring papers.pdf}},
volume = {13},
year = {2017}
}

@incollection{Reynolds1994,
author = {Reynolds, P S.},
booktitle = {Case Studies in Biometry},
chapter = {11},
editor = {Lange, N. and Ryan, L. and Billard, L. and Brillinger, D. and Conquest, L. and Greenhouse, J.},
publisher = {New York: John Wiley and Sons},
title = {{Time-series analyses of beaver body temperatures}},
year = {1994}
}

@article{Brand2015,
author = {Brand, Amy and Allen, Liz and Altman, Micah and Hlava, Marjorie and Scott, Jo},
doi = {10.1087/20150211},
file = {:Users/lcreteig/Documents/Mendeley Desktop/Brand et al.{\_}2015{\_}Learned Publishing.pdf:pdf},
journal = {Learned Publishing},
number = {2},
pages = {151--155},
title = {{Beyond authorship: attribution, contribution, collaboration, and credit}},
volume = {28},
year = {2015}
}
